@article{kmeans1,
    author = {Sanjoy Dasgupta},
    title = {Lecture 3 - Algorithms for k-means Clustering},
    year =    {2013}, 
    url = {http://cseweb.ucsd.edu/~dasgupta/291-geom/kmeans.pdf}
    }                                         
@article{algorithm1,
    author = {The Scipy community},
    title = {K-means Clustering and Vector Quantization},
    year = {2009},
    url = {https://docs.scipy.org/doc/scipy-0.7.x/reference/cluster.vq.html}
    }
@book{pca1,
    author    = {John Shlens},
    title     = {A Tutorial On Principal Component Analysis},
    year      = {2001},
    publisher = {Princeton University},
    url =
    {https://www.cs.princeton.edu/picasso/mats/PCA-Tutorial-Intuition_jp.pdf}
    }
                                                             
@misc{elbow1,
    author ={Mahima Chandra and Kevin Mabe},
    title = {An Algorithm to Find a Business-Appropriate 'Optimum' on an
        Elbow Curve},
    year = {2012},
    url = {www.kevinmabe.com/files/Finding_Elbow2.doc}
    }
@article{wiki1,
    author = {J. B. MacQueen},
    title = {Some Methods for classification and Analysis of Multivariate
        Observations},
    journal = {Proceedings of 5th Berkeley Symposium on Mathematical
        Statistics and Probability},
    pages =   {281--297},
    publisher = {University of California Press},
    year =    {1967}, 
    url = {http://projecteuclid.org/euclid.bsmsp/1200512992}
    }                                         

